<?xml version="1.0" encoding="UTF-8"?>
<!DOCTYPE html PUBLIC "-//W3C//DTD XHTML 1.0 Transitional//EN"
    "http://www.w3.org/TR/xhtml1/DTD/xhtml1-transitional.dtd">
<html xmlns="http://www.w3.org/1999/xhtml" xml:lang="en" lang="en">
 <head>
  <title>
</title>
<meta http-equiv="Content-Type" content="text/html;charset=utf-8" />
  <meta name='ocr-system' content='tesseract 3.04.00' />
  <meta name='ocr-capabilities' content='ocr_page ocr_carea ocr_par ocr_line ocrx_word'/>
</head>
<body>
  <div class='ocr_page' id='page_1' title='image "./deppapiniostati00schagoog_0015.png"; bbox 0 0 3322 5168; ppageno 0'>
   <div class='ocr_carea' id='block_1_1' title="bbox 650 1455 1080 1703">
    <p class='ocr_par' dir='ltr' id='par_1_1' title="bbox 650 1455 1080 1703">
     <span class='ocr_line' id='line_1_1' title="bbox 789 1455 945 1532; baseline -0.019 -15"><span class='ocrx_word' id='word_1_1' title='bbox 789 1455 903 1532; x_wconf 75' lang='lat' dir='ltr'><strong>Caput</strong></span> <span class='ocrx_word' id='word_1_2' title='bbox 923 1458 945 1516; x_wconf 93' lang='lat'><strong>1.</strong></span> 
     </span>
     <span class='ocr_line' id='line_1_2' title="bbox 650 1603 1080 1703; baseline 0.007 -4"><span class='ocrx_word' id='word_1_3' title='bbox 650 1603 877 1702; x_wconf 76' lang='lat' dir='ltr'><strong>Venabula</strong></span> <span class='ocrx_word' id='word_1_4' title='bbox 908 1604 1080 1703; x_wconf 82' lang='lat' dir='ltr'><strong>Sraeea.</strong></span> 
     </span>
    </p>
   </div>
   <div class='ocr_carea' id='block_1_2' title="bbox 686 1834 1042 1917">
    <p class='ocr_par' dir='ltr' id='par_1_2' title="bbox 686 1834 1042 1917">
     <span class='ocr_line' id='line_1_3' title="bbox 686 1834 1042 1917; baseline 0.008 -14"><span class='ocrx_word' id='word_1_5' title='bbox 686 1836 733 1904; x_wconf 86' lang='lat' dir='ltr'><strong>A.</strong></span> <span class='ocrx_word' id='word_1_6' title='bbox 765 1834 1042 1917; x_wconf 86' lang='lat' dir='ltr'><strong>Appellativa.</strong></span> 
     </span>
    </p>
   </div>
   <div class='ocr_carea' id='block_1_3' title="bbox 302 2002 1475 3515">
    <p class='ocr_par' dir='ltr' id='par_1_3' title="bbox 302 2002 1475 3515">
     <span class='ocr_line' id='line_1_4' title="bbox 390 2002 1427 2081; baseline -0.002 -16"><span class='ocrx_word' id='word_1_7' title='bbox 390 2004 588 2081; x_wconf 86' lang='lat' dir='ltr'><strong>Appellativa</strong></span> <span class='ocrx_word' id='word_1_8' title='bbox 610 2003 724 2064; x_wconf 76' lang='lat' dir='ltr'><strong>Graeca</strong></span> <span class='ocrx_word' id='word_1_9' title='bbox 746 2002 855 2063; x_wconf 79' lang='lat' dir='ltr'><strong>Statius</strong></span> <span class='ocrx_word' id='word_1_10' title='bbox 876 2021 1026 2080; x_wconf 80' lang='lat' dir='ltr'><strong>perpauca</strong></span> <span class='ocrx_word' id='word_1_11' title='bbox 1046 2005 1208 2063; x_wconf 90' lang='lat' dir='ltr'><strong>litterarum</strong></span> <span class='ocrx_word' id='word_1_12' title='bbox 1230 2005 1427 2063; x_wconf 90' lang='lat' dir='ltr'><strong>Romanorum</strong></span> 
     </span>
     <span class='ocr_line' id='line_1_5' title="bbox 304 2105 1427 2180; baseline -0.001 -13"><span class='ocrx_word' id='word_1_13' title='bbox 304 2108 424 2168; x_wconf 84' lang='lat' dir='ltr'><strong>eivitate</strong></span> <span class='ocrx_word' id='word_1_14' title='bbox 461 2105 590 2165; x_wconf 85' lang='lat' dir='ltr'><strong>donavit.</strong></span> <span class='ocrx_word' id='word_1_15' title='bbox 645 2106 720 2165; x_wconf 87' lang='lat' dir='ltr'><strong>Nam</strong></span> <span class='ocrx_word' id='word_1_16' title='bbox 754 2123 928 2180; x_wconf 85' lang='lat' dir='ltr'><strong>quamquem</strong></span> <span class='ocrx_word' id='word_1_17' title='bbox 961 2106 1017 2164; x_wconf 91' lang='lat' dir='ltr'><strong>illa</strong></span> <span class='ocrx_word' id='word_1_18' title='bbox 1049 2107 1080 2164; x_wconf 93' lang='lat' dir='ltr'><strong>in</strong></span> <span class='ocrx_word' id='word_1_19' title='bbox 1116 2123 1248 2166; x_wconf 89' lang='lat' dir='ltr'><strong>sermone</strong></span> <span class='ocrx_word' id='word_1_20' title='bbox 1282 2106 1427 2166; x_wconf 79' lang='lat' dir='ltr'><strong>cotidiano</strong></span> 
     </span>
     <span class='ocr_line' id='line_1_6' title="bbox 304 2207 1428 2285; baseline -0.002 -16"><span class='ocrx_word' id='word_1_21' title='bbox 304 2209 493 2270; x_wconf 89' lang='lat' dir='ltr'><strong>usitatissima</strong></span> <span class='ocrx_word' id='word_1_22' title='bbox 519 2213 613 2282; x_wconf 91' lang='lat' dir='ltr'><strong>erant,</strong></span> <span class='ocrx_word' id='word_1_23' title='bbox 642 2212 741 2267; x_wconf 85' lang='lat' dir='ltr'><strong>temen</strong></span> <span class='ocrx_word' id='word_1_24' title='bbox 763 2209 868 2268; x_wconf 89' lang='lat' dir='ltr'><strong>elatius</strong></span> <span class='ocrx_word' id='word_1_25' title='bbox 892 2207 1008 2268; x_wconf 81' lang='lat' dir='ltr'><strong>dicendi</strong></span> <span class='ocrx_word' id='word_1_26' title='bbox 1029 2226 1121 2285; x_wconf 86' lang='lat' dir='ltr'><strong>genus</strong></span> <span class='ocrx_word' id='word_1_27' title='bbox 1144 2227 1180 2269; x_wconf 89' lang='lat' dir='ltr'><strong>ea</strong></span> <span class='ocrx_word' id='word_1_28' title='bbox 1200 2210 1358 2284; x_wconf 82' lang='lat' dir='ltr'>spernebat</span> <span class='ocrx_word' id='word_1_29' title='bbox 1379 2227 1428 2268; x_wconf 80' lang='lat' dir='ltr'><strong>ex-</strong></span> 
     </span>
     <span class='ocr_line' id='line_1_7' title="bbox 304 2311 1430 2389; baseline -0.003 -17"><span class='ocrx_word' id='word_1_30' title='bbox 304 2313 397 2389; x_wconf 86' lang='lat' dir='ltr'><strong>eeptis</strong></span> <span class='ocrx_word' id='word_1_31' title='bbox 419 2311 473 2386; x_wconf 86' lang='lat' dir='ltr'><strong>eis,</strong></span> <span class='ocrx_word' id='word_1_32' title='bbox 504 2328 579 2386; x_wconf 84' lang='lat' dir='ltr'><strong>quae</strong></span> <span class='ocrx_word' id='word_1_33' title='bbox 602 2315 652 2369; x_wconf 89' lang='lat' dir='ltr'><strong>aut</strong></span> <span class='ocrx_word' id='word_1_34' title='bbox 673 2311 730 2368; x_wconf 92' lang='lat' dir='ltr'><strong>iam</strong></span> <span class='ocrx_word' id='word_1_35' title='bbox 752 2311 822 2370; x_wconf 87' lang='lat' dir='ltr'><strong>trita</strong></span> <span class='ocrx_word' id='word_1_36' title='bbox 844 2315 928 2369; x_wconf 86' lang='lat' dir='ltr'><strong>erant</strong></span> <span class='ocrx_word' id='word_1_37' title='bbox 950 2315 999 2370; x_wconf 89' lang='lat' dir='ltr'><strong>aut</strong></span> <span class='ocrx_word' id='word_1_38' title='bbox 1021 2330 1039 2370; x_wconf 90' lang='lat' dir='ltr'><strong>a</strong></span> <span class='ocrx_word' id='word_1_39' title='bbox 1059 2313 1153 2388; x_wconf 87' lang='lat' dir='ltr'><strong>poetis</strong></span> <span class='ocrx_word' id='word_1_40' title='bbox 1175 2311 1324 2371; x_wconf 89' lang='lat' dir='ltr'><strong>nobilibus</strong></span> <span class='ocrx_word' id='word_1_41' title='bbox 1346 2313 1430 2387; x_wconf 81' lang='lat' dir='ltr'>quasi</span> 
     </span>
     <span class='ocr_line' id='line_1_8' title="bbox 303 2403 1475 2492; baseline -0.001 -17"><span class='ocrx_word' id='word_1_42' title='bbox 303 2418 482 2476; x_wconf 79' lang='lat' dir='ltr'><strong>consecrata.</strong></span> <span class='ocrx_word' id='word_1_43' title='bbox 527 2411 593 2483; x_wconf 80' lang='lat' dir='ltr'><strong>Qua</strong></span> <span class='ocrx_word' id='word_1_44' title='bbox 623 2412 660 2473; x_wconf 83' lang='lat' dir='ltr'><strong>de</strong></span> <span class='ocrx_word' id='word_1_45' title='bbox 688 2430 777 2472; x_wconf 88' lang='lat' dir='ltr'><strong>eausa</strong></span> <span class='ocrx_word' id='word_1_46' title='bbox 797 2411 905 2473; x_wconf 87' lang='lat' dir='ltr'><strong>faetum</strong></span> <span class='ocrx_word' id='word_1_47' title='bbox 928 2417 984 2487; x_wconf 90' lang='lat' dir='ltr'><strong>est,</strong></span> <span class='ocrx_word' id='word_1_48' title='bbox 1013 2417 1046 2472; x_wconf 88' lang='lat' dir='ltr'><strong>ut</strong></span> <span class='ocrx_word' id='word_1_49' title='bbox 1066 2414 1206 2490; x_wconf 83' lang='lat' dir='ltr'>Papinius</span> <span class='ocrx_word' id='word_1_50' title='bbox 1229 2414 1260 2472; x_wconf 93' lang='lat' dir='ltr'><strong>in</strong></span> <span class='ocrx_word' id='word_1_51' title='bbox 1285 2415 1393 2474; x_wconf 83' lang='grc'><strong>10825</strong></span> <span class='ocrx_word' id='word_1_52' title='bbox 1406 2413 1428 2492; x_wconf 89' lang='lat'><strong>¹)</strong></span> <span class='ocrx_word' id='word_1_53' title='bbox 1469 2403 1475 2413; x_wconf 69' lang='lat'>&#39;</span> 
     </span>
     <span class='ocr_line' id='line_1_9' title="bbox 302 2516 1429 2593; baseline -0.001 -17"><span class='ocrx_word' id='word_1_54' title='bbox 302 2518 435 2577; x_wconf 89' lang='lat' dir='ltr'><strong>versibus</strong></span> <span class='ocrx_word' id='word_1_55' title='bbox 468 2517 616 2593; x_wconf 83' lang='lat' dir='ltr'><strong>epicorum</strong></span> <span class='ocrx_word' id='word_1_56' title='bbox 649 2516 807 2574; x_wconf 75' lang='lat' dir='ltr'><strong>carminum</strong></span> <span class='ocrx_word' id='word_1_57' title='bbox 840 2517 925 2575; x_wconf 85' lang='lat' dir='ltr'><strong>nulla</strong></span> <span class='ocrx_word' id='word_1_58' title='bbox 957 2516 1014 2574; x_wconf 92' lang='lat' dir='ltr'><strong>nisi</strong></span> <span class='ocrx_word' id='word_1_59' title='bbox 1047 2516 1116 2590; x_wconf 87' lang='lat' dir='ltr'><strong>tria,</strong></span> <span class='ocrx_word' id='word_1_60' title='bbox 1153 2534 1170 2576; x_wconf 87' lang='lat' dir='ltr'><strong>e</strong></span> <span class='ocrx_word' id='word_1_61' title='bbox 1203 2517 1308 2592; x_wconf 89' lang='lat' dir='ltr'><strong>quibus</strong></span> <span class='ocrx_word' id='word_1_62' title='bbox 1339 2535 1429 2576; x_wconf 89' lang='lat' dir='ltr'><strong>unum</strong></span> 
     </span>
     <span class='ocr_line' id='line_1_10' title="bbox 306 2617 1428 2698; baseline -0.001 -19"><span class='ocrx_word' id='word_1_63' title='bbox 306 2617 458 2698; x_wconf 75' lang='lat' dir='ltr'><strong>(yyrrmas)</strong></span> <span class='ocrx_word' id='word_1_64' title='bbox 491 2619 578 2677; x_wconf 88' lang='lat' dir='ltr'><strong>etiam</strong></span> <span class='ocrx_word' id='word_1_65' title='bbox 610 2618 641 2677; x_wconf 93' lang='lat' dir='ltr'><strong>iu</strong></span> <span class='ocrx_word' id='word_1_66' title='bbox 674 2619 757 2677; x_wconf 82' lang='lat' dir='ltr'><strong>silvis</strong></span> <span class='ocrx_word' id='word_1_67' title='bbox 789 2618 949 2694; x_wconf 84' lang='lat' dir='ltr'><strong>invenitur,</strong></span> <span class='ocrx_word' id='word_1_68' title='bbox 982 2623 1011 2676; x_wconf 89' lang='lat' dir='ltr'><strong>et</strong></span> <span class='ocrx_word' id='word_1_69' title='bbox 1043 2636 1131 2677; x_wconf 92' lang='lat' dir='ltr'><strong>unum</strong></span> <span class='ocrx_word' id='word_1_70' title='bbox 1161 2618 1290 2696; x_wconf 76' lang='lat' dir='ltr'><strong>(thyrsa)</strong></span> <span class='ocrx_word' id='word_1_71' title='bbox 1320 2621 1428 2678; x_wconf 85' lang='lat' dir='ltr'><strong>exitum</strong></span> 
     </span>
     <span class='ocr_line' id='line_1_11' title="bbox 303 2719 1428 2797; baseline -0.001 -16"><span class='ocrx_word' id='word_1_72' title='bbox 303 2722 390 2781; x_wconf 87' lang='lat' dir='ltr'><strong>modo</strong></span> <span class='ocrx_word' id='word_1_73' title='bbox 412 2738 521 2779; x_wconf 89' lang='lat' dir='ltr'><strong>novum</strong></span> <span class='ocrx_word' id='word_1_74' title='bbox 541 2720 643 2795; x_wconf 87' lang='lat' dir='ltr'><strong>habet,</strong></span> <span class='ocrx_word' id='word_1_75' title='bbox 665 2724 800 2794; x_wconf 88' lang='lat' dir='ltr'><strong>novaret,</strong></span> <span class='ocrx_word' id='word_1_76' title='bbox 823 2719 903 2797; x_wconf 87' lang='lat' dir='ltr'><strong>quod</strong></span> <span class='ocrx_word' id='word_1_77' title='bbox 925 2725 968 2780; x_wconf 91' lang='lat' dir='ltr'><strong>est</strong></span> <span class='ocrx_word' id='word_1_78' title='bbox 993 2722 1140 2796; x_wconf 86' lang='lat'>1:3608,</span> <span class='ocrx_word' id='word_1_79' title='bbox 1162 2721 1214 2780; x_wconf 85' lang='lat' dir='ltr'><strong>sed</strong></span> <span class='ocrx_word' id='word_1_80' title='bbox 1235 2723 1267 2780; x_wconf 91' lang='lat' dir='ltr'><strong>in</strong></span> <span class='ocrx_word' id='word_1_81' title='bbox 1288 2723 1428 2780; x_wconf 88' lang='lat' dir='ltr'><strong>silvarum</strong></span> 
     </span>
     <span class='ocr_line' id='line_1_12' title="bbox 306 2822 1429 2900; baseline 0 -17"><span class='ocrx_word' id='word_1_82' title='bbox 306 2825 387 2883; x_wconf 86' lang='grc'><strong>3892</strong></span> <span class='ocrx_word' id='word_1_83' title='bbox 421 2823 554 2884; x_wconf 88' lang='lat' dir='ltr'><strong>versibus</strong></span> <span class='ocrx_word' id='word_1_84' title='bbox 587 2827 705 2900; x_wconf 86' lang='lat' dir='ltr'><strong>praeter</strong></span> <span class='ocrx_word' id='word_1_85' title='bbox 737 2822 813 2881; x_wconf 86' lang='lat' dir='ltr'><strong>illud</strong></span> <span class='ocrx_word' id='word_1_86' title='bbox 844 2841 971 2898; x_wconf 76' lang='lat' dir='ltr'><strong>yymetas</strong></span> <span class='ocrx_word' id='word_1_87' title='bbox 1004 2824 1132 2899; x_wconf 90' lang='lat' dir='ltr'><strong>quinque</strong></span> <span class='ocrx_word' id='word_1_88' title='bbox 1165 2825 1224 2882; x_wconf 90' lang='lat' dir='ltr'><strong>alia</strong></span> <span class='ocrx_word' id='word_1_89' title='bbox 1256 2825 1285 2882; x_wconf 91' lang='lat' dir='ltr'><strong>in</strong></span> <span class='ocrx_word' id='word_1_90' title='bbox 1316 2826 1429 2883; x_wconf 87' lang='lat' dir='ltr'><strong>litteras</strong></span> 
     </span>
     <span class='ocr_line' id='line_1_13' title="bbox 303 2925 1429 3003; baseline 0 -17"><span class='ocrx_word' id='word_1_91' title='bbox 303 2928 424 2986; x_wconf 87' lang='lat' dir='ltr'><strong>Latinas</strong></span> <span class='ocrx_word' id='word_1_92' title='bbox 446 2925 644 2986; x_wconf 78' lang='lat' dir='ltr'><strong>introduceret</strong></span> <span class='ocrx_word' id='word_1_93' title='bbox 667 2929 696 2985; x_wconf 89' lang='lat' dir='ltr'><strong>et</strong></span> <span class='ocrx_word' id='word_1_94' title='bbox 717 2927 768 2985; x_wconf 91' lang='lat' dir='ltr'><strong>uni</strong></span> <span class='ocrx_word' id='word_1_95' title='bbox 789 2943 895 2985; x_wconf 87' lang='lat' dir='ltr'><strong>novam</strong></span> <span class='ocrx_word' id='word_1_96' title='bbox 917 2926 1159 3002; x_wconf 84' lang='lat' dir='ltr'><strong>significationem</strong></span> <span class='ocrx_word' id='word_1_97' title='bbox 1174 2927 1328 3003; x_wconf 81' lang='lat' dir='ltr'><strong>subiceret,</strong></span> <span class='ocrx_word' id='word_1_98' title='bbox 1351 2927 1429 3002; x_wconf 86' lang='lat' dir='ltr'><strong>quod</strong></span> 
     </span>
     <span class='ocr_line' id='line_1_14' title="bbox 305 3027 1429 3104; baseline 0.001 -16"><span class='ocrx_word' id='word_1_99' title='bbox 305 3034 349 3088; x_wconf 90' lang='lat' dir='ltr'><strong>est</strong></span> <span class='ocrx_word' id='word_1_100' title='bbox 380 3028 505 3091; x_wconf 79' lang='lat'>1:556.</span> <span class='ocrx_word' id='word_1_101' title='bbox 550 3027 715 3089; x_wconf 86' lang='lat' dir='ltr'><strong>Oeeurrunt</strong></span> <span class='ocrx_word' id='word_1_102' title='bbox 746 3033 841 3088; x_wconf 89' lang='lat' dir='ltr'><strong>autem</strong></span> <span class='ocrx_word' id='word_1_103' title='bbox 872 3046 909 3087; x_wconf 88' lang='lat' dir='ltr'><strong>ex</strong></span> <span class='ocrx_word' id='word_1_104' title='bbox 937 3029 998 3087; x_wconf 89' lang='lat' dir='ltr'><strong>illis</strong></span> <span class='ocrx_word' id='word_1_105' title='bbox 1026 3034 1137 3104; x_wconf 80' lang='lat' dir='ltr'><strong>septem</strong></span> <span class='ocrx_word' id='word_1_106' title='bbox 1168 3030 1225 3088; x_wconf 91' lang='lat' dir='ltr'><strong>tria</strong></span> <span class='ocrx_word' id='word_1_107' title='bbox 1245 3030 1276 3088; x_wconf 91' lang='lat' dir='ltr'><strong>in</strong></span> <span class='ocrx_word' id='word_1_108' title='bbox 1297 3032 1429 3090; x_wconf 88' lang='lat' dir='ltr'><strong>versibus</strong></span> 
     </span>
     <span class='ocr_line' id='line_1_15' title="bbox 305 3131 1430 3209; baseline 0 -19"><span class='ocrx_word' id='word_1_109' title='bbox 305 3132 408 3206; x_wconf 89' lang='lat' dir='ltr'><strong>lyrieis</strong></span> <span class='ocrx_word' id='word_1_110' title='bbox 416 3131 455 3209; x_wconf 88' lang='lat'><strong>²),</strong></span> <span class='ocrx_word' id='word_1_111' title='bbox 485 3131 536 3206; x_wconf 91' lang='lat' dir='ltr'><strong>qui</strong></span> <span class='ocrx_word' id='word_1_112' title='bbox 565 3134 632 3190; x_wconf 84' lang='lat' dir='ltr'><strong>sunt</strong></span> <span class='ocrx_word' id='word_1_113' title='bbox 660 3131 730 3204; x_wconf 87' lang='lat'>571,</span> <span class='ocrx_word' id='word_1_114' title='bbox 761 3148 826 3191; x_wconf 88' lang='lat' dir='ltr'><strong>eum</strong></span> <span class='ocrx_word' id='word_1_115' title='bbox 848 3131 879 3188; x_wconf 93' lang='lat' dir='ltr'><strong>in</strong></span> <span class='ocrx_word' id='word_1_116' title='bbox 900 3131 1068 3191; x_wconf 84' lang='lat' dir='ltr'><strong>hexametro</strong></span> <span class='ocrx_word' id='word_1_117' title='bbox 1092 3133 1174 3191; x_wconf 88' lang='grc'><strong>3321</strong></span> <span class='ocrx_word' id='word_1_118' title='bbox 1198 3149 1299 3191; x_wconf 87' lang='lat' dir='ltr'><strong>versus</strong></span> <span class='ocrx_word' id='word_1_119' title='bbox 1321 3132 1430 3192; x_wconf 86' lang='lat' dir='ltr'><strong>eonditi</strong></span> 
     </span>
     <span class='ocr_line' id='line_1_16' title="bbox 306 3233 1429 3308; baseline 0.001 -15"><span class='ocrx_word' id='word_1_120' title='bbox 306 3235 372 3297; x_wconf 87' lang='lat' dir='ltr'><strong>sint.</strong></span> <span class='ocrx_word' id='word_1_121' title='bbox 414 3235 450 3291; x_wconf 90' lang='lat' dir='ltr'><strong>lu</strong></span> <span class='ocrx_word' id='word_1_122' title='bbox 471 3233 574 3307; x_wconf 80' lang='lat' dir='ltr'><strong>lyricis</strong></span> <span class='ocrx_word' id='word_1_123' title='bbox 594 3234 683 3308; x_wconf 87' lang='lat' dir='ltr'><strong>igitur</strong></span> <span class='ocrx_word' id='word_1_124' title='bbox 704 3233 836 3293; x_wconf 88' lang='lat' dir='ltr'><strong>versibus</strong></span> <span class='ocrx_word' id='word_1_125' title='bbox 852 3233 1016 3308; x_wconf 86' lang='lat' dir='ltr'><strong>quadruplo</strong></span> <span class='ocrx_word' id='word_1_126' title='bbox 1031 3235 1123 3293; x_wconf 87' lang='lat' dir='ltr'><strong>maior</strong></span> <span class='ocrx_word' id='word_1_127' title='bbox 1137 3251 1272 3293; x_wconf 89' lang='lat' dir='ltr'><strong>numerus</strong></span> <span class='ocrx_word' id='word_1_128' title='bbox 1287 3252 1429 3294; x_wconf 87' lang='lat' dir='ltr'><strong>novorum</strong></span> 
     </span>
     <span class='ocr_line' id='line_1_17' title="bbox 306 3336 1429 3412; baseline 0 -16"><span class='ocrx_word' id='word_1_129' title='bbox 306 3336 483 3397; x_wconf 86' lang='lat' dir='ltr'><strong>Graeeorum</strong></span> <span class='ocrx_word' id='word_1_130' title='bbox 519 3337 729 3396; x_wconf 80' lang='lat' dir='ltr'><strong>venabulorum</strong></span> <span class='ocrx_word' id='word_1_131' title='bbox 764 3337 872 3412; x_wconf 85' lang='lat' dir='ltr'><strong>legitur</strong></span> <span class='ocrx_word' id='word_1_132' title='bbox 907 3354 994 3411; x_wconf 90' lang='lat' dir='ltr'><strong>quam</strong></span> <span class='ocrx_word' id='word_1_133' title='bbox 1026 3337 1058 3394; x_wconf 94' lang='lat' dir='ltr'><strong>in</strong></span> <span class='ocrx_word' id='word_1_134' title='bbox 1090 3336 1200 3411; x_wconf 85' lang='lat' dir='ltr'><strong>herois,</strong></span> <span class='ocrx_word' id='word_1_135' title='bbox 1237 3338 1263 3396; x_wconf 92' lang='lat' dir='ltr'><strong>si</strong></span> <span class='ocrx_word' id='word_1_136' title='bbox 1294 3356 1429 3396; x_wconf 87' lang='lat' dir='ltr'><strong>versuum</strong></span> 
     </span>
     <span class='ocr_line' id='line_1_18' title="bbox 305 3438 1430 3515; baseline 0.002 -17"><span class='ocrx_word' id='word_1_137' title='bbox 305 3439 418 3498; x_wconf 87' lang='lat' dir='ltr'><strong>numeri</strong></span> <span class='ocrx_word' id='word_1_138' title='bbox 440 3440 652 3514; x_wconf 77' lang='lat' dir='ltr'><strong>comparantur.</strong></span> <span class='ocrx_word' id='word_1_139' title='bbox 695 3438 813 3497; x_wconf 85' lang='lat' dir='ltr'><strong>Minime</strong></span> <span class='ocrx_word' id='word_1_140' title='bbox 836 3442 933 3498; x_wconf 82' lang='lat' dir='ltr'><strong>autem</strong></span> <span class='ocrx_word' id='word_1_141' title='bbox 955 3439 1058 3498; x_wconf 90' lang='lat' dir='ltr'><strong>mirum</strong></span> <span class='ocrx_word' id='word_1_142' title='bbox 1080 3443 1132 3514; x_wconf 90' lang='lat' dir='ltr'><strong>est,</strong></span> <span class='ocrx_word' id='word_1_143' title='bbox 1155 3439 1234 3515; x_wconf 88' lang='lat' dir='ltr'><strong>quod</strong></span> <span class='ocrx_word' id='word_1_144' title='bbox 1253 3441 1285 3499; x_wconf 92' lang='lat' dir='ltr'><strong>in</strong></span> <span class='ocrx_word' id='word_1_145' title='bbox 1298 3440 1430 3501; x_wconf 84' lang='lat' dir='ltr'><strong>oratione</strong></span> 
     </span>
    </p>
   </div>
   <div class='ocr_carea' id='block_1_4' title="bbox 306 3655 1431 4410">
    <p class='ocr_par' dir='ltr' id='par_1_4' title="bbox 306 3655 1431 4234">
     <span class='ocr_line' id='line_1_19' title="bbox 392 3655 1429 3726; baseline 0.003 -16"><span class='ocrx_word' id='word_1_146' title='bbox 392 3659 414 3724; x_wconf 90' lang='grc'><strong>1)</strong></span> <span class='ocrx_word' id='word_1_147' title='bbox 431 3656 484 3711; x_wconf 86' lang='lat' dir='ltr'><strong>Hie</strong></span> <span class='ocrx_word' id='word_1_148' title='bbox 507 3671 635 3710; x_wconf 86' lang='lat' dir='ltr'><strong>numerus</strong></span> <span class='ocrx_word' id='word_1_149' title='bbox 660 3655 789 3724; x_wconf 81' lang='lat' dir='ltr'><strong>efficitur,</strong></span> <span class='ocrx_word' id='word_1_150' title='bbox 812 3655 836 3710; x_wconf 92' lang='lat' dir='ltr'><strong>si</strong></span> <span class='ocrx_word' id='word_1_151' title='bbox 853 3656 1025 3711; x_wconf 86' lang='lat' dir='ltr'><strong>Kohlmanno</strong></span> <span class='ocrx_word' id='word_1_152' title='bbox 1049 3661 1162 3712; x_wconf 79' lang='lat' dir='ltr'><strong>anctore</strong></span> <span class='ocrx_word' id='word_1_153' title='bbox 1186 3661 1269 3726; x_wconf 86' lang='lat' dir='ltr'><strong>poeta</strong></span> <span class='ocrx_word' id='word_1_154' title='bbox 1285 3657 1345 3726; x_wconf 87' lang='lat' dir='ltr'><strong>ipse</strong></span> <span class='ocrx_word' id='word_1_155' title='bbox 1363 3662 1429 3713; x_wconf 83' lang='grc'>9697</span> 
     </span>
     <span class='ocr_line' id='line_1_20' title="bbox 306 3740 1430 3812; baseline 0.001 -15"><span class='ocrx_word' id='word_1_156' title='bbox 306 3757 404 3797; x_wconf 88' lang='lat' dir='ltr'><strong>versus</strong></span> <span class='ocrx_word' id='word_1_157' title='bbox 421 3740 580 3797; x_wconf 85' lang='lat' dir='ltr'><strong>Thebaidos</strong></span> <span class='ocrx_word' id='word_1_158' title='bbox 598 3741 698 3796; x_wconf 82' lang='lat' dir='ltr'><strong>iecisse</strong></span> <span class='ocrx_word' id='word_1_159' title='bbox 715 3746 834 3811; x_wconf 87' lang='lat' dir='ltr'><strong>putatur.</strong></span> <span class='ocrx_word' id='word_1_160' title='bbox 869 3742 984 3798; x_wconf 82' lang='lat' dir='ltr'><strong>Mueller</strong></span> <span class='ocrx_word' id='word_1_161' title='bbox 1002 3747 1033 3796; x_wconf 81' lang='grc'><strong>22</strong></span> <span class='ocrx_word' id='word_1_162' title='bbox 1051 3742 1120 3798; x_wconf 90' lang='lat' dir='ltr'><strong>alios</strong></span> <span class='ocrx_word' id='word_1_163' title='bbox 1137 3757 1241 3812; x_wconf 87' lang='lat' dir='ltr'><strong>versus,</strong></span> <span class='ocrx_word' id='word_1_164' title='bbox 1260 3757 1330 3811; x_wconf 89' lang='lat' dir='ltr'><strong>quos</strong></span> <span class='ocrx_word' id='word_1_165' title='bbox 1345 3743 1430 3798; x_wconf 88' lang='lat' dir='ltr'><strong>Kohl-</strong></span> 
     </span>
     <span class='ocr_line' id='line_1_21' title="bbox 306 3825 1431 3898; baseline 0.003 -17"><span class='ocrx_word' id='word_1_166' title='bbox 306 3843 386 3882; x_wconf 91' lang='lat' dir='ltr'><strong>mann</strong></span> <span class='ocrx_word' id='word_1_167' title='bbox 412 3828 550 3896; x_wconf 81' lang='lat' dir='ltr'><strong>agnoseit,</strong></span> <span class='ocrx_word' id='word_1_168' title='bbox 577 3825 656 3882; x_wconf 83' lang='lat' dir='ltr'><strong>Statii</strong></span> <span class='ocrx_word' id='word_1_169' title='bbox 683 3843 737 3882; x_wconf 93' lang='lat' dir='ltr'><strong>non</strong></span> <span class='ocrx_word' id='word_1_170' title='bbox 764 3842 826 3882; x_wconf 88' lang='lat' dir='ltr'><strong>esse</strong></span> <span class='ocrx_word' id='word_1_171' title='bbox 853 3833 954 3882; x_wconf 81' lang='lat' dir='ltr'><strong>censet.</strong></span> <span class='ocrx_word' id='word_1_172' title='bbox 995 3828 1163 3898; x_wconf 82' lang='lat' dir='ltr'><strong>Quamquam</strong></span> <span class='ocrx_word' id='word_1_173' title='bbox 1186 3843 1241 3884; x_wconf 90' lang='lat' dir='ltr'><strong>non</strong></span> <span class='ocrx_word' id='word_1_174' title='bbox 1264 3829 1373 3898; x_wconf 84' lang='lat' dir='ltr'><strong>ignoro,</strong></span> <span class='ocrx_word' id='word_1_175' title='bbox 1402 3833 1431 3884; x_wconf 89' lang='lat' dir='ltr'><strong>et</strong></span> 
     </span>
     <span class='ocr_line' id='line_1_22' title="bbox 306 3911 1430 3982; baseline 0.002 -16"><span class='ocrx_word' id='word_1_176' title='bbox 306 3912 468 3966; x_wconf 81' lang='lat' dir='ltr'><strong>Muellerum</strong></span> <span class='ocrx_word' id='word_1_177' title='bbox 495 3917 523 3968; x_wconf 88' lang='lat' dir='ltr'><strong>et</strong></span> <span class='ocrx_word' id='word_1_178' title='bbox 548 3911 749 3967; x_wconf 84' lang='lat' dir='ltr'><strong>Kohlmennum</strong></span> <span class='ocrx_word' id='word_1_179' title='bbox 776 3913 932 3982; x_wconf 79' lang='lat' dir='ltr'><strong>complures</strong></span> <span class='ocrx_word' id='word_1_180' title='bbox 957 3928 1055 3968; x_wconf 86' lang='lat' dir='ltr'><strong>versus</strong></span> <span class='ocrx_word' id='word_1_181' title='bbox 1081 3929 1135 3968; x_wconf 89' lang='lat' dir='ltr'><strong>non</strong></span> <span class='ocrx_word' id='word_1_182' title='bbox 1162 3919 1238 3968; x_wconf 90' lang='lat' dir='ltr'><strong>reete</strong></span> <span class='ocrx_word' id='word_1_183' title='bbox 1260 3914 1430 3968; x_wconf 74' lang='lat' dir='ltr'><strong>damnavisse</strong></span> 
     </span>
     <span class='ocr_line' id='line_1_23' title="bbox 307 3995 1429 4067; baseline 0.003 -18"><span class='ocrx_word' id='word_1_184' title='bbox 307 3995 353 4064; x_wconf 85' lang='lat' dir='ltr'><strong>(cf.</strong></span> <span class='ocrx_word' id='word_1_185' title='bbox 366 3995 460 4064; x_wconf 83' lang='lat' dir='ltr'><strong>Klotz,</strong></span> <span class='ocrx_word' id='word_1_186' title='bbox 481 3995 627 4050; x_wconf 88' lang='lat' dir='ltr'><strong>Probleme</strong></span> <span class='ocrx_word' id='word_1_187' title='bbox 646 3996 695 4051; x_wconf 88' lang='lat' dir='ltr'><strong>der</strong></span> <span class='ocrx_word' id='word_1_188' title='bbox 712 3995 879 4065; x_wconf 82' lang='lat' dir='ltr'><strong>Textgeseh.</strong></span> <span class='ocrx_word' id='word_1_189' title='bbox 898 3997 947 4052; x_wconf 88' lang='lat' dir='ltr'><strong>des</strong></span> <span class='ocrx_word' id='word_1_190' title='bbox 965 3997 1080 4064; x_wconf 80' lang='lat' dir='ltr'><strong>Statius,</strong></span> <span class='ocrx_word' id='word_1_191' title='bbox 1099 3997 1214 4052; x_wconf 85' lang='lat' dir='ltr'><strong>Hermes</strong></span> <span class='ocrx_word' id='word_1_192' title='bbox 1231 3997 1280 4051; x_wconf 86' lang='lat' dir='ltr'><strong>XL</strong></span> <span class='ocrx_word' id='word_1_193' title='bbox 1292 3998 1429 4067; x_wconf 75' lang='lat' dir='ltr'><strong>ttlsqq.)‚</strong></span> 
     </span>
     <span class='ocr_line' id='line_1_24' title="bbox 307 4081 1431 4151; baseline 0.002 -17"><span class='ocrx_word' id='word_1_194' title='bbox 307 4085 398 4134; x_wconf 84' lang='lat' dir='ltr'><strong>tamen</strong></span> <span class='ocrx_word' id='word_1_195' title='bbox 421 4081 441 4134; x_wconf 89' lang='lat' dir='ltr'><strong>ii</strong></span> <span class='ocrx_word' id='word_1_196' title='bbox 466 4084 570 4135; x_wconf 90' lang='lat' dir='ltr'><strong>tantum</strong></span> <span class='ocrx_word' id='word_1_197' title='bbox 594 4097 734 4136; x_wconf 87' lang='lat' dir='ltr'><strong>numerum</strong></span> <span class='ocrx_word' id='word_1_198' title='bbox 760 4097 855 4151; x_wconf 87' lang='lat' dir='ltr'><strong>parum</strong></span> <span class='ocrx_word' id='word_1_199' title='bbox 878 4087 989 4136; x_wconf 86' lang='lat' dir='ltr'><strong>mutant</strong></span> <span class='ocrx_word' id='word_1_200' title='bbox 1024 4082 1157 4139; x_wconf 78' lang='lat' dir='ltr'><strong>Achilleis</strong></span> <span class='ocrx_word' id='word_1_201' title='bbox 1179 4084 1300 4138; x_wconf 86' lang='lat' dir='ltr'><strong>eontinet</strong></span> <span class='ocrx_word' id='word_1_202' title='bbox 1318 4087 1384 4137; x_wconf 83' lang='grc'><strong>1124</strong></span> <span class='ocrx_word' id='word_1_203' title='bbox 1402 4087 1431 4136; x_wconf 89' lang='lat' dir='ltr'><strong>et</strong></span> 
     </span>
     <span class='ocr_line' id='line_1_25' title="bbox 307 4165 798 4234; baseline 0.006 -15"><span class='ocrx_word' id='word_1_204' title='bbox 307 4165 386 4234; x_wconf 84' lang='lat' dir='ltr'><strong>lrgm.</strong></span> <span class='ocrx_word' id='word_1_205' title='bbox 405 4165 532 4221; x_wconf 88' lang='lat' dir='ltr'><strong>debello</strong></span> <span class='ocrx_word' id='word_1_206' title='bbox 550 4165 641 4220; x_wconf 87' lang='lat' dir='ltr'><strong>Germ.</strong></span> <span class='ocrx_word' id='word_1_207' title='bbox 659 4174 675 4221; x_wconf 86' lang='grc'>4</span> <span class='ocrx_word' id='word_1_208' title='bbox 693 4182 798 4222; x_wconf 84' lang='lat' dir='ltr'><strong>versus.</strong></span> 
     </span>
    </p>

    <p class='ocr_par' dir='ltr' id='par_1_5' title="bbox 307 4251 1430 4410">
     <span class='ocr_line' id='line_1_26' title="bbox 392 4251 1430 4324; baseline 0.001 -18"><span class='ocrx_word' id='word_1_209' title='bbox 392 4254 415 4316; x_wconf 73' lang='lat'><strong>²)</strong></span> <span class='ocrx_word' id='word_1_210' title='bbox 433 4251 565 4307; x_wconf 77' lang='lat' dir='ltr'><strong>Versibus</strong></span> <span class='ocrx_word' id='word_1_211' title='bbox 583 4251 676 4322; x_wconf 88' lang='lat' dir='ltr'><strong>lyrieis</strong></span> <span class='ocrx_word' id='word_1_212' title='bbox 693 4253 778 4308; x_wconf 89' lang='lat' dir='ltr'><strong>utitur</strong></span> <span class='ocrx_word' id='word_1_213' title='bbox 790 4253 893 4308; x_wconf 85' lang='lat' dir='ltr'><strong>Statius</strong></span> <span class='ocrx_word' id='word_1_214' title='bbox 911 4253 966 4308; x_wconf 87' lang='lat' dir='ltr'><strong>his:</strong></span> <span class='ocrx_word' id='word_1_215' title='bbox 984 4254 1158 4310; x_wconf 79' lang='lat' dir='ltr'><strong>Phalaecium</strong></span> <span class='ocrx_word' id='word_1_216' title='bbox 1170 4253 1430 4324; x_wconf 76' lang='lat' dir='ltr'><strong>hendecasyllabum</strong></span> 
     </span>
     <span class='ocr_line' id='line_1_27' title="bbox 307 4335 1339 4410; baseline 0.003 -19"><span class='ocrx_word' id='word_1_217' title='bbox 307 4335 411 4392; x_wconf 82' lang='lat' dir='ltr'><strong>hebent</strong></span> <span class='ocrx_word' id='word_1_218' title='bbox 428 4340 477 4390; x_wconf 81' lang='lat'><strong>455</strong></span> <span class='ocrx_word' id='word_1_219' title='bbox 497 4351 602 4407; x_wconf 86' lang='lat' dir='ltr'><strong>versus,</strong></span> <span class='ocrx_word' id='word_1_220' title='bbox 620 4341 740 4407; x_wconf 85' lang='lat' dir='ltr'><strong>systema</strong></span> <span class='ocrx_word' id='word_1_221' title='bbox 757 4337 899 4394; x_wconf 84' lang='lat' dir='ltr'><strong>Aleaieum</strong></span> <span class='ocrx_word' id='word_1_222' title='bbox 918 4343 958 4409; x_wconf 81' lang='lat'><strong>60,</strong></span> <span class='ocrx_word' id='word_1_223' title='bbox 976 4344 1097 4410; x_wconf 84' lang='lat' dir='ltr'><strong>systema</strong></span> <span class='ocrx_word' id='word_1_224' title='bbox 1115 4338 1280 4410; x_wconf 85' lang='lat' dir='ltr'><strong>Sapphieum</strong></span> <span class='ocrx_word' id='word_1_225' title='bbox 1299 4345 1339 4395; x_wconf 83' lang='lat'><strong>56.</strong></span> 
     </span>
    </p>
   </div>
   <div class='ocr_carea' id='block_1_5' title="bbox 0 0 1672 5168">
    <p class='ocr_par' dir='ltr' id='par_1_6' title="bbox 0 0 1672 5168">
     <span class='ocr_line' id='line_1_28' title="bbox 0 0 1672 5168; baseline 0 0"><span class='ocrx_word' id='word_1_226' title='bbox 0 0 1672 5168; x_wconf 95' lang='lat' dir='ltr'><strong> </strong></span> 
     </span>
    </p>
   </div>
  </div>
 </body>
</html>
