3322 5168
639 1307 683 1377 Β.
722 1307 940 1377 Adieotiva
967 1309 1127 1378 Gnaeos

521 1445 546 1496 a
571 1426 809 1496 nominibus
836 1426 1018 1510 propriis
1045 1427 1244 1498 derivata.

405 1595 490 1655 Veris
521 1594 673 1655 adieetivis
702 1595 789 1654 etiam
817 1596 1032 1672 patronymica,
1061 1612 1235 1671 quamquam
1262 1595 1444 1654 substantiva

321 1701 400 1771 sunt,
428 1697 588 1772 adiungere
609 1699 711 1771 libeat,
741 1697 819 1773 quod
841 1696 946 1757 suffixa
969 1697 1056 1770 -ides,
1085 1699 1135 1770 is,
1162 1698 1218 1756 -ias
1239 1714 1333 1773 aeque
1355 1682 1443 1772 atque

320 1803 431 1874 oetora,
459 1817 536 1875 quae
562 1799 709 1860 adieetiva
736 1798 879 1873 effioiunt,
911 1799 950 1858 ad
977 1799 1131 1876 quodlibet
1158 1817 1264 1859 nomen
1293 1800 1443 1876 proprium

320 1901 512 1962 derivandum
540 1905 611 1979 apta
632 1906 723 1962 eraut.
766 1903 833 1962 Huo
855 1902 984 1977 aooedit,
1013 1901 1092 1979 quod
1114 1906 1220 1979 poetae
1240 1903 1444 1979 patronymica

320 2021 409 2081 saepe
431 2005 499 2064 loeo
522 2004 731 2065 adieetivorum
753 2009 922 2080 posuerunt.

404 2108 444 2167 Ut
463 2108 645 2183 appellativa
660 2106 774 2166 Graeca
792 2111 899 2183 poetae
913 2106 1044 2167 elatioris
1059 2106 1178 2167 dieendi
1191 2107 1307 2182 generis
1322 2106 1443 2166 studiosi

318 2208 520 2286 repudiabant,
541 2210 584 2268 ita
603 2209 701 2269 faeere
722 2226 783 2268 non
803 2211 947 2284 poterant,
968 2212 1000 2268 ut
1022 2209 1110 2268 edam
1132 2209 1279 2268 adieetiva
1294 2208 1440 2269 Graeaaa

319 2313 484 2372 nominibus
505 2312 631 2387 propriis
655 2311 787 2370 derivata
809 2311 979 2386 effugerent.
1022 2311 1099 2370 Nam
1121 2328 1297 2387 quamquam
1319 2311 1442 2370 Romani

320 2413 466 2474 adieetiva
481 2431 580 2473 eorum
595 2415 726 2474 locorum
743 2413 927 2489 (tremorum,
943 2431 1018 2488 quae
1034 2413 1167 2473 omnibus
1178 2418 1248 2473 nota
1260 2417 1351 2489 arant,
1366 2431 1438 2473 non-

319 2533 476 2590 numquam
495 2516 620 2592 propriis
635 2513 746 2575 suffixis
762 2515 982 2594 exomabsnt¹)‚
1004 2519 1036 2574 ut
1050 2513 1250 2586 Atheniensis,
1274 2516 1444 2587 Thebaeus,

319 2619 366 2692 al,
388 2622 485 2677 tamen
507 2635 574 2676 raro
580 2617 606 2694 ²)
629 2617 774 2678 adieetiva
793 2617 941 2679 hominum
958 2617 1135 2678 Graecorum
1150 2617 1251 2678 formis
1265 2618 1379 2677 Latinis
1396 2619 1440 2676 in-

320 2721 478 2780 struebant.
522 2719 617 2790 Quam
647 2721 685 2779 ob
711 2738 773 2780 rem
796 2725 1023 2780 consentaneum
1046 2725 1102 2794 est,
1133 2722 1230 2798 epiaos
1252 2724 1365 2797 poetas,
1394 2721 1444 2795 qui

320 2826 492 2898 argumenta
520 2823 693 2898 plerumque
723 2822 759 2882 de
782 2823 904 2884 Graecis
934 2824 1017 2883 libris
1040 2822 1263 2900 depromebant,
1292 2821 1444 2881 adieetivis

320 2923 509 2984 Graeoanieis
546 2924 583 2983 ab
619 2923 783 2983 homiuibus
818 2926 951 3000 locisque
983 2925 1123 2984 derivatis
1154 2924 1313 2983 abundare.
1367 2921 1445 2994 Quin

319 3027 407 3086 etiam
421 3027 476 3084 illa
491 3025 638 3086 adieetiva
652 3029 711 3084 tam
729 3027 832 3086 erebro
848 3027 1035 3104 usurpabant,
1050 3032 1082 3086 ut
1096 3031 1201 3104 poetae
1215 3027 1272 3103 ipsi
1284 3044 1342 3086 non
1353 3025 1440 3085 modo

319 3127 472 3188 aGraeois
493 3128 657 3188 nominibus
679 3129 804 3205 propriis
826 3146 904 3188 nova
926 3128 1072 3189 adieetiva
1087 3129 1262 3202 derivarent,
1285 3128 1440 3189 sedetiam

318 3247 536 3305 nonnumquam
550 3231 663 3290 Latinis
685 3231 849 3290 nominibus
872 3230 987 3291 Graeaa
1001 3230 1106 3291 suffixa
1121 3230 1348 3308 annecterent.³)
1383 3231 1440 3289 lta-

319 3351 377 3409 que
398 3332 448 3392 ubi
470 3333 622 3392 adieetivis
638 3332 759 3393 Graecis
774 3353 792 3392 a
806 3335 944 3394 Romanis
959 3335 1105 3410 usurpatis
1120 3336 1205 3393 nulla
1219 3334 1298 3410 apud
1314 3332 1442 3393 Graecos

319 3435 476 3512 scriptores
497 3435 683 3511 respondent,
706 3437 861 3510 exquirere
882 3454 942 3496 non
963 3454 1123 3513 possumus,
1145 3441 1240 3495 utrum
1262 3437 1318 3494 illa
1336 3439 1442 3512 poetae

319 3538 468 3600 aGraeoia
482 3538 565 3598 libris
580 3556 658 3598 nune
674 3538 832 3614 deperditis
846 3540 968 3598 mutuati
982 3540 1042 3599 sint
1057 3558 1096 3598 an
1109 3540 1167 3615 ipsi
1177 3537 1322 3598 finxerint.
1355 3538 1391 3597 Id
1404 3537 1443 3596 ad

318 3641 440 3701 Statium
463 3658 577 3718 quoque
598 3642 733 3718 pertinet,
756 3643 887 3716 quinon
908 3641 994 3702 modo
1017 3645 1151 3702 sescenta
1166 3641 1313 3701 adieetiva
1329 3639 1444 3701 Graeca

320 3763 337 3803 a
358 3745 505 3822 prioribus
525 3745 620 3821 poetis
641 3745 761 3820 reoepit,
784 3744 837 3804 sed
859 3745 945 3804 etiam
969 3746 1008 3803 76
1031 3745 1152 3804 novavit
1171 3749 1201 3804 et
1216 3746 1235 3803 8
1250 3745 1326 3803 inter
1340 3746 1443 3820 poetas

404 3964 426 4032 1)
444 3962 486 4020 cf.
497 3963 707 4033 Waokernagel,
725 3963 763 4018 Zu
781 3963 807 4017 d.
821 3963 866 4018 lat.
879 3963 1007 4031 Etbnika,
1025 3962 1107 4018 Aroh.
1119 3962 1138 4016 f.
1151 3964 1216 4018 Lex.
1231 3962 1298 4019 XIV
1313 3967 1392 4031 tsqq,

403 4049 425 4118 ²)
444 4048 484 4104 Cf.
503 4048 636 4119 deford,
654 4049 714 4103 The
732 4047 846 4104 suffixus
864 4063 943 4104 -unus
961 4048 1015 4104 and
1032 4049 1112 4117 -inus,
1130 4049 1157 4102 in
1175 4048 1286 4104 Stadios
1303 4048 1330 4101 in
1347 4047 1444 4102 Houor

319 4133 351 4189 of
364 4133 562 4204 Gildersleeve,
581 4134 728 4189 Baltimore
747 4138 812 4189 1902
830 4151 857 4203 p.
870 4138 911 4189 98.

403 4220 426 4288 ³)
444 4219 484 4274 cf.
498 4235 541 4274 ex.
554 4235 580 4290 g.
600 4219 720 4289 cooper,
747 4218 807 4273 The
832 4219 910 4274 word
933 4218 1080 4274 formation
1103 4219 1131 4274 in
1153 4220 1200 4274 the
1224 4220 1329 4274 Roman
1353 4233 1442 4273 sermo

316 4305 457 4377 plebeius,
476 4305 543 4361 New
560 4305 638 4361 York
657 4309 721 4360 1895
740 4321 766 4374 p.
780 4309 877 4374 tisssq.
896 4309 924 4359 et
941 4303 1010 4359 intra
1026 4321 1053 4376 p,
1067 4309 1099 4360 22
1117 4309 1145 4361 et
1163 4309 1204 4361 24.
