3322 5168
313 447 354 509 22

397 614 617 701 *separatas
657 620 731 681 SV
756 621 782 695 1,
806 622 860 680 33:
900 623 1034 698 genetrix
1073 621 1208 699 Sipyleia
1246 621 1300 700 [=
1320 620 1435 702 Niobe}

313 723 513 798 Auson.244,
532 723 605 784 lh:
638 722 805 784 Thebarum
839 725 942 800 regina
973 725 1030 800 ini,
1063 725 1196 802 Sipyleia
1228 728 1327 786 cautes
1360 742 1436 801 quae

313 825 400 887 modo
421 843 493 887 sum.

305 1068 308 1078 Ι
399 979 477 1054 Quin
505 980 593 1040 etiam
621 983 715 1040 metro
745 983 864 1041 ooaotus
893 979 1038 1041 derivavit
1067 983 1098 1040 in
1125 983 1209 1042 silvis
1238 982 1277 1041 ad
1305 999 1437 1041 normam

317 1083 460 1144 Graeoam
483 1102 502 1142 a
523 1083 615 1160 stirpe
636 1084 743 1142 Latina

402 1217 592 1283 Ptheneotes
602 1218 624 1297 ¹)
643 1221 671 1281 S.
683 1220 727 1279 IlI
739 1221 767 1294 3,
780 1221 832 1280 66:
848 1222 994 1283 Tibereia
1008 1223 1086 1281 aula.
1118 1220 1338 1299 (hibemanase)
1353 1222 1439 1296 Plin.‚

316 1324 368 1396 al.;
392 1323 564 1398 libanensi)
587 1323 664 1382 Plin.
676 1323 802 1384 XXXVI
814 1324 868 1396 553
890 1324 1027 1384 Tiberius
1041 1325 1147 1384 mensis
1162 1324 1239 1385 Suet.
1255 1325 1322 1384 Tib.
1334 1320 1397 1403 26.)

734 1631 764 1697 3.
793 1632 861 1698 -eua
884 1629 1014 1716 (aava).

400 1790 494 1848 Huius
523 1785 603 1848 modi
630 1786 777 1848 adieetiva
807 1790 846 1847 29
876 1788 989 1864 reoepit
1017 1791 1046 1848 et
1071 1789 1106 1846 11
1132 1789 1251 1848 oirItate
1273 1790 1436 1847 Iltterarum

316 1893 512 1952 Romanorum
548 1889 677 1951 donavit.
731 1889 808 1962 Quia
844 1891 932 1950 ettam
968 1889 1026 1950 duo
1062 1891 1169 1951 Latina
1200 1892 1319 1950 nomina
1354 1890 1440 1950 metri

317 1995 492 2054 necessitate
514 1992 658 2053 adduotns
678 1993 735 2053 hoo
758 1991 863 2053 suffixo
884 1993 1029 2052 instruxit.

400 2109 607 2194 Adrasteus
622 2130 673 2208 [de
684 2129 813 2190 Adrasto
829 2130 960 2204 duetum]
976 2130 1004 2190 S.
1016 2132 1031 2189 l
1043 2132 1070 2204 1,
1082 2129 1135 2190 52:
1155 2129 1320 2190 Adrasteus
1334 2129 1438 2190 Arion.

315 2267 358 2278 -
385 2233 423 2293 ad
450 2233 626 2294 Adrasteam
654 2232 738 2292 deam
765 2234 915 2310 pertinens
943 2235 1040 2292 Amm.
1056 2233 1125 2293 XIV
1142 2233 1191 2307 11,
1209 2234 1263 2291 22:
1294 2231 1441 2292 Adrasteo

315 2331 439 2412 pallore'
459 2336 603 2413 perinsus.
629 2368 672 2378 —
701 2336 738 2395 ab
757 2334 899 2395 Adrastia
920 2335 992 2394 urbe
1015 2334 1177 2394 deriuatum
1200 2337 1268 2395 lust.
1283 2334 1326 2394 XI
1341 2336 1369 2410 6,
1386 2335 1440 2393 1οε

315 2441 347 2498 in
373 2439 483 2515 eampis
504 2437 659 2498 Adresteis
687 2437 741 2514 [sio
767 2437 861 2511 oodd.‚
889 2435 1048 2497 Adrasteia
1069 2437 1187 2512 Rnehl].
1241 2436 1392 2514 (Adrastis
1413 2455 1441 2496 v.

317 2539 417 2620 intra.)
426 2542 450 2616 ⁴)

403 2797 425 2859 ¹)
444 2793 531 2863 Stolz‚
552 2793 654 2849 Hietm.
668 2792 785 2848 Gramm.
798 2792 824 2847 d.
836 2792 883 2847 lat.
895 2792 963 2863 Spr.,
981 2793 1073 2862 Leipa.
1087 2794 1153 2848 1894
1170 2808 1197 2862 p.
1210 2798 1260 2847 474
1279 2795 1361 2862 errat,
1381 2808 1442 2846 oum

318 2879 398 2949 dieit,
423 2878 588 2935 vocabulum
615 2877 756 2932 Tibereiaa
782 2893 844 2934 esse
867 2877 1011 2933 formatum
1034 2878 1131 2933 Latiae
1159 2877 1260 2933 suffixo
1286 2878 1350 2932 eie.
1386 2877 1442 2932 Iam

319 2964 450 3034 Stephani
467 2963 485 3019 l.
497 2964 515 3018 l.
527 2979 554 3032 p.
565 2968 597 3019 lt
616 2963 678 3018 adn.
693 2968 704 3018 1
719 2967 795 3019 reete
806 2963 955 3032 admonuit,
974 2963 1100 3018 Latinum
1111 2963 1242 3018 suffixum
1253 2963 1325 3018 eins
1335 2978 1444 3033 semper

318 3049 483 3120 disyllabum
501 3064 569 3104 esse.
604 3050 647 3104 Ex
665 3048 799 3118 exemplis
815 3064 832 3102 a
850 3047 952 3104 Stolaio
969 3047 1060 3103 allude
1077 3047 1231 3103 eiciendum
1248 3051 1291 3103 est
1308 3047 1444 3118 Priapeia

318 3140 350 3191 ut
372 3135 418 3192 vel
442 3134 587 3190 aGraeeis
605 3134 797 3204 depromptam
815 3134 863 3202 (of.
881 3130 1040 3205 πριαπήιον
1056 3155 1091 3181 =
1108 3149 1208 3189 nomen
1225 3133 1327 3203 violae)
1345 3134 1391 3190 vel
1408 3133 1443 3188 ad

319 3237 440 3277 normam
458 3221 590 3277 Graeoam
607 3219 709 3275 fiotum.

405 3307 428 3376 ²)
446 3306 532 3376 cogn.
553 3305 744 3359 Tite-tantares
763 3305 792 3360 0.
804 3305 831 3361 J.
844 3307 874 3360 L.
886 3305 929 3359 Ill
941 3311 1016 3361 4558.

404 3392 426 3462 ⁸)
445 3391 570 3461 Georges
586 3391 696 3445 metitur
712 3390 766 3445 hoo
783 3390 836 3446 adi.
857 3389 994 3445 Tibereae.
1030 3391 1199 3460 Quamquam
1217 3389 1319 3446 suffixo
1338 3390 1443 3446 Graeco

320 3473 380 3533 -dns
397 3490 598 3546 nonnumquam
615 3475 711 3530 Latina
727 3475 780 3530 adi.
798 3474 970 3545 fingebantur
987 3476 1034 3544 (of.
1047 3476 1179 3545 Stephani
1190 3475 1234 3530 ll.
1246 3493 1273 3545 p.
1284 3476 1336 3544 28),
1354 3480 1444 3530 tamen

320 3561 437 3616 Plinium
458 3561 586 3615 Tibereae
603 3560 705 3616 dixisse
723 3577 757 3615 ex
776 3576 810 3615 eo
828 3560 971 3630 concludo,
989 3562 1065 3631 quod
1083 3561 1186 3618 ibidem
1205 3561 1286 3616 etiem
1298 3561 1378 3617 simili
1389 3561 1443 3615 adi.

320 3647 475 3716 Aagreetaas
493 3645 566 3716 [oud
579 3647 620 3700 Βι
638 3645 813 3716 aequatam]
832 3647 925 3716 utitur,
943 3647 988 3701 eui
999 3647 1124 3717 Georges
1143 3661 1254 3717 quoqne
1271 3647 1374 3701 exitum
1385 3655 1445 3702 eus

321 3731 453 3788 attribuit.
486 3731 614 3786 Tibereae
631 3732 712 3786 etiam
725 3732 792 3786 Isid.
805 3736 888 3802 etym.
900 3732 967 3788 XVI
980 3739 1003 3800 5,
1015 3737 1031 3786 4
1049 3733 1223 3788 seribendum
1241 3747 1303 3788 esse
1320 3733 1445 3801 suspioor

323 3817 415 3888 [oodd.
440 3822 468 3872 et
492 3817 557 3873 edit.
580 3816 730 3888 Tiberium,
756 3817 833 3886 qaod
849 3817 971 3873 isidorus
989 3818 1058 3872 illud
1074 3818 1155 3872 Plinii
1174 3819 1319 3888 excerpsit.
1355 3818 1445 3872 Etiam

322 3903 390 3957 aliae
407 3918 491 3958 voees
509 3918 580 3972 quae
597 3907 730 3957 vocantur
746 3902 870 3958 hibridae
888 3902 968 3958 huius
985 3903 1060 3958 modi
1078 3903 1255 3973 reperiuntur.
1287 3903 1326 3958 Ut
1343 3903 1445 3958 Statius

322 3989 382 4057 ipse
405 3988 519 4042 novavit
541 3986 691 4042 Maroneae
715 3991 744 4041 et
766 3986 913 4042 Neroaeas.
957 3987 1104 4042 Romuleas
1127 3988 1227 4058 legitur
1250 3988 1357 4055 Pervig.
1375 3988 1444 4043 Ven.

324 4075 356 4126 72
373 4076 444 4140 sept.
486 4072 631 4127 Praeterea
657 4071 758 4127 ‹le-vit
783 4072 861 4126 effert
888 4087 922 4126 ex
948 4072 1035 4127 titulis
1058 4073 1234 4140 Caesaream
1261 4073 1311 4128 sed
1335 4071 1370 4127 de
1392 4072 1445 4127 hoe

323 4156 460 4213 vooabulo
478 4157 603 4212 dubitare
620 4157 694 4227 lieet,
712 4172 774 4211 oum
787 4157 938 4212 Caesareae
954 4173 1038 4227 saepe
1055 4173 1072 4213 a
1087 4158 1179 4227 poetis
1198 4158 1225 4228 [a
1237 4158 1324 4214 Stetio
1336 4157 1444 4228 nortes]

324 4247 483 4312 usurpatum
500 4243 544 4298 sit.

410 4329 432 4398 ⁴)
450 4327 601 4384 Adrastida
617 4343 688 4384 nom.
701 4328 797 4399 gentil.
810 4329 895 4385 deris.
907 4327 982 4384 latin.
995 4329 1026 4386 O.
1038 4329 1065 4386 J.
1077 4329 1107 4385 L.
1118 4328 1174 4384 XII
1186 4332 1261 4384 3136.
