3322 5168
231 665 327 726 soluta
349 666 488 727 silvarum
508 670 574 728 octo
590 665 735 728 vocabula
750 667 864 729 Graeca
878 668 986 729 Statius
1004 669 1124 730 novant
1139 672 1168 730 et
1182 669 1234 730 uni
1248 688 1355 731 novam

232 771 292 828 vim
314 769 445 833 subiecit.

315 872 367 932 Eis
394 871 528 945 vocibus,
559 890 634 948 quae
664 873 723 932 iam
745 872 824 949 apud
845 874 959 951 priores
982 874 1138 951 scriptores
1160 876 1355 951 inveniuntur,

230 974 260 1031 in
290 975 380 1050 epicis
409 975 585 1034 carminibus
611 994 671 1035 non
700 975 757 1034 nisi
786 975 909 1052 duabus,
940 994 1061 1051 quarum
1089 979 1182 1036 altera
1205 979 1246 1038 eis
1269 980 1355 1038 etiam

231 1093 296 1135 cum
320 1077 403 1136 silvis
426 1079 584 1137 communis
606 1081 658 1151 cst,
680 1078 711 1136 in
732 1079 815 1138 silvis
837 1079 973 1139 undecim
995 1083 1083 1156 atque
1106 1098 1204 1140 earum
1228 1083 1245 1139 6
1268 1083 1299 1140 in
1318 1082 1355 1157 h,

232 1178 250 1236 5
272 1179 303 1236 in
325 1179 381 1252 lyr.
403 1180 512 1255 primus
534 1179 610 1238 inter
632 1184 734 1256 poetas
756 1197 825 1240 usus
848 1183 899 1240 est.

315 1281 422 1357 Liquet
449 1282 538 1357 igitur
559 1286 675 1358 poetam
698 1283 730 1341 iu
751 1283 834 1342 silvis
856 1301 874 1341 a
896 1299 1029 1343 sermone
1051 1283 1198 1343 cotidiano
1220 1287 1355 1361 proprius

230 1382 333 1442 abesse
361 1401 447 1458 qnam
476 1384 508 1441 in
537 1383 711 1443 carminibus
740 1383 846 1444 herois.
890 1383 972 1456 Quae
998 1402 1046 1444 res
1068 1387 1152 1446 nullo
1174 1387 1260 1446 modo
1283 1389 1356 1447 mira

229 1486 314 1545 nobis
347 1484 506 1559 videbitur,
539 1485 589 1544 nbi
617 1487 741 1561 primum
771 1505 933 1546 sermonem
963 1488 1106 1547 Martialis
1135 1491 1288 1550 vocabulis
1318 1491 1355 1550 de

231 1587 343 1647 Graeco
372 1587 453 1647 sonte
483 1587 644 1665 desumptis
671 1589 868 1649 abundantem
895 1577 1168 1666 comparaverimus.
1211 1592 1356 1653 Martialis

231 1690 316 1765 enim,
339 1691 420 1750 cuins
443 1691 660 1767 epigrammatis
675 1691 761 1752 Statii
784 1693 876 1751 silvae
899 1691 1027 1767 quodam
1048 1692 1134 1753 modo
1156 1695 1266 1754 similes
1281 1700 1356 1770 sunt,

230 1793 402 1868 pracsertim
425 1811 490 1852 cum
512 1798 634 1869 uterque
656 1812 872 1870 nonnumquam
895 1794 1018 1855 eandem
1040 1798 1356 1876 remcelebraveritll

232 1895 263 1952 in
286 1895 367 1954 9587
391 1895 524 1954 versibus
545 1896 666 1955 novavit
689 1896 738 1970 55,
766 1896 797 1955 id
820 1900 864 1956 cst
889 1898 1019 1972 1:174,
1042 1901 1126 1956 extra
1148 1916 1248 1958 versus
1270 1900 1299 1974 4,
1315 1901 1354 1959 76

230 1997 340 2073 primus
361 1997 392 2055 in
413 2014 500 2056 versu
522 1999 708 2075 usurparise)

314 2101 437 2159 Illorum
460 2106 556 2160 autem
580 2100 758 2160 Graecorum
780 2102 1002 2175 vocabulorum,
1034 2121 1109 2178 quae
1132 2104 1211 2180 apud
1234 2105 1355 2164 Statium

229 2203 353 2277 primum
375 2205 538 2276 occurrunt,
560 2205 687 2279 plurima
708 2205 766 2263 iam
788 2208 875 2264 antea
890 2204 1054 2265 hominibus
1069 2205 1163 2266 doctis
1177 2207 1208 2265 in
1223 2224 1356 2268 sermone

231 2304 377 2364 cotidiano
404 2306 469 2365 nsui
491 2305 580 2366 fnisse
603 2307 672 2366 mihi
693 2325 864 2384 persuasum
886 2311 938 2369 est.
981 2308 1085 2383 Itaque
1107 2307 1141 2372 0.
1156 2309 1274 2370 Weiseo
1296 2329 1356 2370 non

230 2408 386 2482 assentior,
416 2409 466 2483 qni
494 2409 526 2468 in
554 2409 608 2467 illo
630 2411 720 2483 libro,
751 2411 800 2485 qui
821 2410 1000 2470 inscribitur:
1030 2412 1086 2470 Die
1108 2411 1217 2488 griech,
1238 2413 1356 2472 Wdrtcr

229 2509 268 2566 im
298 2509 372 2582 Lat,
404 2511 526 2588 Leipzig
561 2512 653 2585 1882,
686 2511 739 2572 bas
770 2529 859 2572 voces
892 2515 1097 2587 optumates,
1131 2515 1354 2586 eucharisticon,

231 2613 356 2672 trieteris
377 2617 409 2671 ut
431 2633 449 2672 a
472 2614 638 2674 elocutione
660 2616 711 2674 vel
732 2616 815 2692 vulgi
836 2617 886 2674 vel
908 2615 1057 2674 hominnm
1072 2615 1225 2675 doctorum
1240 2618 1354 2676 alienas

230 2714 335 2790 signat.
370 2715 447 2773 Nam
470 2733 528 2790 qua
551 2714 587 2775 de
611 2733 699 2776 causa
720 2719 896 2778 vocabulum
920 2719 1107 2778 eucharistici
1127 2722 1355 2794 apropernpticr'

229 2821 357 2892 separet,
391 2819 503 2892 nescio,
536 2836 632 2894 neque
665 2821 735 2895 quin
767 2821 824 2879 adi.
858 2823 1048 2895 epibcpecios
1078 2819 1236 2881 artificibus
1265 2826 1353 2896 atquc

229 2919 333 2976 artium
355 2918 501 2978 indicibus
522 2924 622 2979 notum
644 2920 739 2996 fuerit,
762 2921 870 2982 dubito.
914 2923 960 2982 De
982 2941 1055 2983 voce
1077 2927 1173 2984 autem
1198 2925 1353 2985 trieterides

229 3019 372 3080 disserere
399 3039 649 3098 supervacaneum
678 3027 729 3083 est.
774 3024 859 3084 Certe
881 3042 970 3084 voces
991 3043 1107 3100 pomos,
1127 3027 1214 3100 pole,
1242 3027 1352 3101 thyrso,

230 3139 313 3182 crura
335 3124 458 3183 Statium
480 3126 603 3201 primum
626 3143 642 3184 e
665 3126 803 3186 Romanis
825 3128 1011 3202 usurpavisse
1033 3133 1137 3204 putare
1158 3130 1238 3190 licet.

314 3226 377 3284 Iam
405 3230 587 3287 transeamus
616 3228 654 3287 ad
683 3231 831 3289 vocabula
860 3230 936 3306 ipsa,
967 3249 1041 3306 quae
1070 3232 1230 3292 secuudum
1256 3251 1352 3293 rerum

229 3345 339 3402 genera
361 3323 515 3404 disponere
536 3331 637 3390 utilius
660 3332 715 3391 crit
737 3349 824 3407 quam
846 3333 1005 3394 secundum
1027 3351 1133 3393 vocum
1154 3336 1257 3399 exitus.

637 3567 669 3636 l.
703 3567 771 3636 Ars
793 3568 945 3653 poetica.

314 3706 468 3766 Vocabula
489 3706 546 3771 huc
565 3709 736 3784 spectantia,
759 3727 833 3785 quae
847 3710 1047 3770 tantummodo
1062 3712 1093 3769 in
1108 3710 1240 3770 oratione
1255 3713 1352 3770 soluta

229 3809 371 3867 silvarum
401 3814 568 3885 occurrunt,
595 3811 702 3870 Statius
725 3829 741 3870 e
764 3811 873 3872 scholis
895 3812 1080 3891 rhetoricis³)
1100 3814 1204 3889 petivit
1226 3817 1254 3873 et
1277 3831 1312 3872 ea
1334 3832 1352 3871 a

315 4047 336 4113 ¹)
354 4045 540 4101 ctv011mcri
557 4045 617 4100 silv.
637 4045 702 4100 edit.
720 4063 746 4114 p.
760 4049 792 4099 20
810 4045 871 4100 adu.
885 4050 908 4100 3.

315 4133 337 4199 ⁹)
357 4130 397 4185 cf.
417 4130 549 4199 Stephani
565 4131 583 4185 l.
596 4131 613 4192 l.
631 4147 657 4199 p.
672 4137 695 4185 7.

315 4218 337 4285 ³)
355 4217 397 4271 Dc
415 4215 503 4272 Statio
526 4215 663 4270 rhetorum
694 4215 830 4285 discipulo
854 4215 887 4269 cf.
906 4215 1029 4272 Vollmer
1051 4217 1189 4286 1.1.p;rr
1214 4222 1242 4273 et
1265 4223 1296 4273 31
1323 4223 1351 4274 et

229 4301 359 4370 imprimis
380 4301 414 4355 Η.
431 4301 583 4356 Lchrischii
605 4301 761 4356 dissertatio
785 4316 856 4370 quae
878 4301 1046 4356 inscribitur:
1076 4302 1119 4358 De
1142 4303 1249 4372 Papinii
1273 4303 1351 4360 Statii

230 4387 360 4443 silvarum
377 4391 477 4456 poetae
495 4387 593 4442 studiis
610 4387 764 4456 rhetoricis,
783 4386 859 4442 Halis
878 4385 940 4443 Sax.
961 4391 1034 4443 1905.
