3322 5168
297 1479 433 1543 Omnium
447 1481 519 1556 iere,
542 1482 593 1556 qui
607 1482 701 1542 altera
714 1485 798 1557 parte
812 1480 898 1557 primi
911 1498 940 1556 p.
955 1479 1023 1540 chr.
1037 1497 1066 1540 n.
1080 1480 1191 1540 saeculi
1206 1480 1335 1539 carmina

214 1584 388 1658 condebant,
410 1583 440 1644 id
462 1585 612 1660 proprium
634 1586 686 1658 est,
708 1583 787 1658 quod
808 1600 869 1642 non
889 1585 949 1642 tam
970 1585 1073 1658 poetas
1095 1600 1183 1658 quam
1203 1582 1336 1642 rhetores

210 1688 241 1745 in
271 1686 403 1746 versibus
433 1685 577 1745 faciendis
604 1704 636 1745 se
657 1685 808 1761 praebent.
843 1685 920 1745 Nam
942 1684 1021 1759 quod
1043 1685 1086 1744 eis
1106 1702 1173 1744 raro
1187 1685 1336 1760 ingenium

210 1806 289 1848 nova
318 1791 490 1864 argumenta
519 1786 707 1863 excogitandi
733 1790 808 1863 orat,
836 1804 895 1846 non
917 1786 1004 1847 modo
1027 1790 1119 1846 artem
1139 1787 1286 1863 poeticam
1308 1791 1337 1846 et

210 1892 392 1950 narrationes
416 1894 445 1950 et
465 1891 608 1966 imagines
630 1888 787 1964 citatullo,
801 1890 942 1965 Vergilio,
964 1889 1095 1965 Horatio,
1117 1886 1225 1950 Ovidio
1240 1906 1335 1950 sume-

210 1993 294 2066 bant,
324 1991 377 2052 sed
399 1994 487 2051 etiam
508 1996 541 2050 ut
561 1993 644 2050 illam
664 1992 817 2068 penuriam
838 1991 1068 2066 dissimularent,
1097 1990 1136 2050 ad
1158 1996 1250 2051 artem
1271 1990 1337 2051 rhe-

211 2096 333 2171 toricam
365 2094 580 2170 confugiebant.
624 2092 688 2164 Quo
717 2095 788 2154 vitio
809 2094 965 2169 Martialis,
995 2095 1048 2154 ille
1075 2098 1166 2171 poeta
1194 2112 1272 2154 vere.
1293 2095 1337 2153 in·

211 2198 361 2272 geniosus,
395 2199 474 2256 solus
506 2196 583 2256 liber
616 2201 671 2268 est;
705 2198 794 2256 ceteri
827 2201 923 2256 autem
955 2214 1055 2256 omnes
1088 2198 1217 2257 carmina
1245 2197 1338 2273 magis

173 2363 177 2370 ,
211 2301 341 2358 minusve
379 2298 489 2358 artibus
525 2298 677 2358 rhetoricis
714 2299 895 2358 exornabant
930 2303 959 2359 et
988 2316 1055 2358 raro
1089 2300 1238 2359 materiam
1268 2317 1338 2359 vere

210 2401 356 2477 poeticam
390 2419 425 2460 ac
458 2405 610 2461 venustam
642 2401 812 2477 simpliciter
844 2402 1015 2476 sincereque
1048 2402 1222 2462 tractabant.
1273 2400 1339 2472 Qua

212 2505 249 2563 de
281 2521 369 2563 causa
397 2503 508 2563 factum
538 2508 594 2578 est,
623 2508 656 2562 ut
683 2505 789 2579 longas
819 2502 1030 2580 descriptiones
1060 2508 1196 2581 exportes
1218 2506 1340 2580 gratim,

210 2609 316 2682 plenas
353 2606 514 2682 doctrinae,
555 2611 586 2665 et
620 2609 725 2682 longas
758 2607 904 2667 orationes
934 2608 1077 2682 poematis
1109 2608 1272 2668 insererent
1304 2624 1340 2666 ac

211 2710 339 2769 libenter
370 2709 447 2769 diras
476 2726 524 2769 ros
553 2712 718 2784 narrarent,
748 2708 852 2784 quibus
883 2726 982 2768 eorum
1012 2710 1063 2784 qui
1092 2711 1226 2785 legerent
1252 2710 1341 2769 animi

212 2815 443 2888 percuterentur.
486 2813 552 2870 Huc
580 2812 729 2887 pertinent
759 2812 845 2870 etiam
874 2811 1029 2870 verborum
1059 2816 1154 2871 tumor
1182 2815 1212 2871 et
1240 2829 1339 2889 super-

212 2915 287 2974 latio
309 2915 441 2974 veritatis
464 2918 493 2973 et
514 2913 624 2990 figurae
646 2913 762 2990 saepius
784 2914 814 2971 in
836 2930 919 2972 usum
942 2917 1072 2974 vocatae.

297 3016 445 3092 Ingeniosi
474 3019 571 3075 autem
600 3020 683 3076 erant
709 3017 754 3074 illi
775 3019 881 3092 poetae
904 3016 934 3074 in
956 3015 1052 3075 verbis
1074 3015 1232 3089 novandis,
1261 3015 1340 3092 quod

212 3117 329 3192 quidem
358 3119 484 3178 omnium
513 3118 593 3177 illius
622 3118 725 3179 aetatis
751 3118 924 3194 scriptorum
949 3118 1097 3194 proprium
1120 3119 1218 3194 erat.¹)
1263 3119 1340 3178 Nam

213 3236 389 3295 quamquam
411 3221 552 3296 imprimis
573 3221 628 3278 illa
649 3220 803 3279 verborum
827 3220 913 3296 copia
934 3219 1103 3294 utebantur,
1125 3237 1213 3295 quam
1234 3224 1340 3296 poetae

213 3324 318 3382 aetatis
340 3322 489 3382 Ciceronis
518 3326 548 3380 et
568 3322 696 3397 Augusti
724 3324 964 3398 procreaverant,
992 3325 1090 3381 tamon
1116 3323 1204 3382 etiam
1227 3325 1341 3382 ceteros

212 3427 315 3500 poetas
337 3422 407 3482 inde
430 3423 467 3482 ab
489 3424 571 3482 initio
593 3424 755 3482 litterarum
769 3424 940 3483 Latinarum
963 3441 1054 3499 usque
1076 3423 1114 3482 ad
1136 3442 1190 3484 sua
1207 3428 1341 3500 tempora

213 3525 408 3602 perlegebant
430 3529 460 3584 et
481 3523 685 3603 quodcumque
708 3526 749 3585 eis
770 3525 947 3585 vocabulum
968 3525 1114 3602 placebat,
1144 3526 1258 3585 etiamsi
1280 3531 1340 3586 tum

212 3630 243 3687 in
276 3646 329 3688 usu
363 3645 427 3687 esse
460 3625 600 3700 desierat,
633 3627 847 3690 mutuabantur.
901 3629 993 3688 Totos
1027 3631 1123 3686 autem
1156 3645 1257 3688 versus
1289 3629 1340 3688 vel

216 3729 350 3791 dimidias
371 3732 471 3805 partes
494 3729 697 3789 suscribebant
718 3747 777 3789 non
799 3729 885 3789 modo
900 3747 1029 3805 perraro,
1052 3729 1105 3789 sed
1120 3730 1206 3790 etiam
1221 3747 1341 3806 operam

214 3832 335 3906 dabant,
364 3836 397 3891 ut
424 3833 586 3892 locutiones
616 3850 633 3892 e
663 3831 807 3908 prioribus
836 3832 1012 3892 carminibus
1034 3835 1163 3908 sumptas
1184 3834 1340 3892 variarent.

35 3968 41 3991 ι
91 4001 97 4015 ,
213 3935 252 3993 llt
281 3934 350 3992 illas
378 3935 421 3992 ita
452 3934 617 4008 mutabant,
646 3938 679 3993 ut
699 3934 827 4010 exempli
848 3934 943 4009 gratia
965 3933 1108 3993 rationem
1130 3933 1341 3995 adiectivorum

214 4054 280 4096 cum
296 4036 484 4096 substantivis
498 4035 765 4112 coniungendorum
780 4038 932 4109 mutarent,
955 4036 1016 4095 alia
1030 4036 1177 4096 voeabula
1190 4036 1341 4112 adderent,

214 4140 275 4198 alia
296 4141 471 4199 omitterent.
513 4137 577 4209 Quo
601 4139 696 4199 studio
718 4138 848 4199 nouandi
869 4156 957 4215 saepe
979 4138 1090 4200 iactum
1112 4143 1164 4215 ost,
1185 4143 1217 4200 ut
1239 4140 1341 4200 autin

301 4357 323 4426 ¹)
341 4353 383 4412 Cf.
401 4355 463 4411 Seu.
482 4355 562 4428 epist.
582 4359 692 4426 114,1o.
