3322 5168
311 434 331 498 4

310 615 362 672 est.
404 609 485 687 Alia,
514 611 653 688 imprimis
683 609 829 672 vocabula
851 612 921 672 artis
942 611 973 672 et
993 612 1249 672 instrumentorum
1272 631 1290 671 a
1310 611 1433 688 Papinio

309 714 378 774 ficta
403 733 464 774 non
485 731 563 789 esse,
592 732 678 774 nemo
699 732 759 774 uon
779 716 935 791 intellegit.
978 715 1024 774 De
1045 715 1198 792 permultis
1220 719 1317 774 autem
1338 719 1433 774 uuum

309 817 417 877 Statius
438 817 555 877 finxerit
576 834 678 892 necue,
701 820 811 877 certum
833 817 971 877 iudicium
992 817 1055 878 fieri
1073 836 1133 878 nou
1147 820 1251 894 potest.
1286 817 1344 878 Sed
1359 817 1434 877 haec

309 921 404 979 teneri
432 922 509 980 volo.
557 921 685 979 Primum
715 901 814 979 corum
843 921 1064 994 vocabulorum,
1094 921 1199 996 quibus
1229 921 1314 980 etiarn
1344 919 1434 979 Silius

309 1023 361 1082 vel
382 1022 528 1082 Martialis
554 1023 600 1082 usi
621 1025 699 1096 sunt,
727 1023 792 1098 quis
814 1025 916 1083 auctor
938 1023 982 1096 sit,
1004 1026 1161 1099 propterea
1183 1024 1336 1108 exquirere
1358 1021 1433 1082 dilii-

310 1125 450 1184 cillimum
473 1128 525 1200 est,
548 1104 724 1201 quodquae
745 1125 821 1184 ratio
842 1125 919 1184 iuter
941 1126 1065 1188 Statium
1088 1129 1117 1185 ot
1138 1125 1241 1184 Silium
1262 1125 1433 1198 intercedat,

309 1227 428 1287 dubium
457 1230 513 1302 est,
543 1229 572 1286 et
602 1227 680 1301 quod
702 1245 798 1302 neque
819 1229 929 1289 Statius
951 1246 1048 1304 neque
1069 1228 1214 1289 Martialis
1235 1232 1358 1305 propter
1378 1229 1433 1286 ini-

308 1330 433 1389 micitias
454 1330 602 1389 vocabula
624 1330 660 1389 ab
683 1331 777 1390 altero
799 1330 869 1390 ficta
891 1331 927 1390 de
949 1330 1092 1390 industria
1113 1331 1261 1408 recepisse
1282 1331 1434 1407 videtur.¹)

308 1431 423 1492 Deinde
445 1433 470 1491 si
491 1432 570 1492 idem
592 1432 768 1493 vocabulum
790 1433 878 1493 etiarn
898 1433 976 1510 apud
992 1435 1106 1494 solutae
1123 1435 1262 1494 orationis
1277 1435 1434 1510 scriptores

308 1535 370 1595 sive
391 1538 496 1612 poetae
519 1537 659 1610 aequales
681 1536 743 1596 sive
765 1553 857 1612 parvo
877 1536 1016 1613 temporis
1031 1537 1126 1613 spatio
1142 1536 1284 1596 distantes
1299 1537 1434 1611 occurrit,

307 1637 338 1697 id
360 1637 452 1697 Statio
475 1656 534 1697 uon
556 1637 658 1698 deberi
680 1637 861 1699 censendum
883 1642 935 1699 est.
968 1640 1044 1698 Tum
1067 1657 1103 1698 ea
1123 1638 1221 1712 verba
1244 1656 1319 1714 quae
1341 1640 1433 1699 multo

307 1745 374 1816 post
396 1740 511 1800 demum
534 1740 612 1816 apud
634 1742 798 1817 scriptores,
821 1742 872 1816 qui
886 1741 972 1801 Statii
990 1742 1149 1801 imitatores
1164 1759 1224 1801 non
1238 1745 1313 1814 sunt
1335 1759 1433 1802 rursus

307 1845 453 1919 leguntur,
473 1843 629 1919 Papininm
651 1860 775 1903 novasse
797 1843 927 1903 iudicare
950 1845 1032 1918 licet,
1055 1845 1191 1919 quoniam
1212 1843 1290 1903 idem
1312 1844 1434 1903 verbum

307 1949 410 2021 postea
439 1945 534 2004 denuo
563 1945 634 2021 fingi
662 1947 764 2022 potuit.
809 1946 868 2006 Sed
897 1964 934 2005 ne
955 1946 986 2005 id
1009 1945 1127 2021 quidem
1149 1950 1259 2006 certum
1281 1950 1337 2021 est,
1368 1963 1433 2005 cum

307 2049 400 2107 multa
428 2049 520 2108 verba
549 2047 628 2123 apud
656 2049 810 2109 inferiores
836 2049 953 2110 demum
982 2051 1137 2126 scriptores
1160 2053 1327 2124 occurrant,
1357 2067 1433 2125 quae

307 2167 440 2210 sermone
466 2150 612 2212 cotidiano
634 2151 691 2210 iam
714 2151 763 2211 diu
785 2153 854 2211 trita
876 2155 966 2212 erant.
1011 2154 1051 2213 Ut
1073 2154 1209 2228 exemplo
1231 2158 1309 2228 utar,
1337 2156 1433 2212 unum

309 2256 471 2324 temerator,
492 2255 685 2328 inselescere,
714 2256 752 2312 al.
775 2239 867 2314 Statio
889 2255 1035 2315 inventori
1057 2255 1230 2316 ascribenda
1251 2256 1311 2316 sint
1331 2272 1433 2329 necue,

306 2357 414 2414 neseio.
458 2354 523 2426 Qua
544 2355 582 2414 de
604 2374 692 2416 causa
713 2358 744 2415 iu
767 2357 884 2432 singula
905 2358 997 2417 verba
1018 2361 1113 2417 utrum
1136 2359 1245 2419 Statius
1266 2359 1434 2418 novavisset

306 2475 412 2532 necue,
440 2476 500 2518 uon
528 2459 673 2533 inquisivi.
717 2459 756 2517 Ut
787 2463 882 2518 autem
911 2461 935 2519 is
964 2461 1014 2535 qui
1042 2462 1156 2535 legeret
1182 2477 1234 2520 suo
1259 2460 1368 2519 iudicio
1391 2461 1434 2518 uti

304 2564 411 2635 posset,
434 2578 533 2620 omues
555 2562 645 2634 locos,
668 2562 718 2636 qui
736 2578 789 2636 per·
803 2562 934 2638 lexieal)
950 2561 1076 2638 dispersi
1090 2566 1165 2636 suut,
1186 2564 1218 2621 iu
1232 2581 1320 2622 uuum
1335 2563 1432 2622 locum

305 2663 446 2738 congessi.
490 2662 546 2722 Sed
579 2663 657 2738 quod
679 2681 773 2739 parva
793 2663 867 2724 fides
888 2665 993 2724 lexicis
1015 2665 1153 2724 habenda
1175 2668 1226 2739 est,
1256 2683 1321 2724 mea
1343 2681 1433 2739 opera

305 2767 442 2841 exempla
478 2766 572 2824 allata
608 2784 668 2825 nou
704 2767 844 2826 mediocri
880 2784 1000 2827 numero
1037 2768 1106 2826 auxi
1143 2785 1242 2827 omnes
1275 2767 1432 2843 scriptores

303 2871 464 2944 poetasque
493 2871 590 2928 aetate
619 2872 648 2928 et
674 2869 787 2945 priores
810 2869 901 2929 Statio
924 2872 953 2929 et
975 2869 1140 2944 interiores,
1170 2887 1291 2945 quorum
1315 2868 1432 2944 quidem

305 2969 481 3029 editionibus
502 2970 659 3030 verborum
680 2971 792 3030 iudices
815 2970 907 3030 additi
928 2974 1032 3045 essent,
1054 2976 1261 3047 perscrutatus.
1298 2970 1431 3031 Vocabu-

304 3073 399 3130 lorum
421 3076 517 3131 autem
540 3073 656 3149 generis
679 3091 695 3132 c
715 3073 846 3149 poeticos
865 3072 951 3133 modo
966 3075 1048 3132 locos
1064 3091 1234 3134 enumerare
1249 3073 1319 3132 satis
1334 3073 1432 3132 habui.

304 3172 386 3244 Quae
419 3192 467 3234 res
499 3192 559 3234 non
592 3175 678 3234 modo
710 3175 817 3249 effecit,
850 3179 882 3234 ut
914 3175 1005 3234 satum
1038 3176 1265 3251 uniuscuiusque
1293 3176 1432 3236 vocabuli

304 3280 472 3353 appareret,
506 3277 559 3336 sed
588 3277 675 3336 etiam
705 3276 744 3336 ad
765 3277 849 3338 Statii
877 3278 1037 3338 imitatores
1068 3277 1289 3355 cognoscendos
1319 3277 1431 3353 aliquid

305 3379 412 3439 attulit.

391 3480 521 3540 Vocibus
543 3480 666 3540 aStatio
688 3482 812 3556 novatis,
835 3483 861 3542 si
882 3500 929 3542 res
950 3482 1073 3557 screbat,
1096 3501 1131 3543 ea
1153 3485 1299 3544 vocabula
1320 3484 1430 3560 addidi,

304 3583 408 3658 quibus
437 3583 609 3643 vetustiores
635 3587 741 3661 poetae
764 3585 814 3644 vel
836 3586 993 3662 scriptores
1014 3587 1045 3645 iu
1068 3586 1171 3646 eodem
1194 3591 1364 3662 argumento
1386 3588 1431 3646 usi

304 3688 380 3745 suut.
412 3687 638 3762 Nonnumquam
661 3688 746 3746 etiam
770 3705 805 3746 ea
820 3688 947 3764 adiunxi,
969 3706 1045 3764 quae
1060 3690 1237 3766 posteriores
1252 3689 1290 3748 ad
1306 3688 1429 3749 eandem

391 3889 412 3957 ¹)
434 3887 572 3943 Valerium
599 3888 728 3944 Flaccum
755 3889 842 3945 Statio
869 3889 995 3960 exemplo
1022 3889 1107 3946 fuisse
1133 3890 1204 3946 inter
1230 3890 1304 3946 viros
1330 3890 1429 3946 doctos

304 3977 421 4128 matt}
429 4059 543 4115 Praesto
565 4060 631 4115 mihi
656 4065 732 4116 eraut
749 4060 829 4116 haec:
855 4061 1012 4126 Quioherati
1028 4062 1146 4118 thesaur.
1163 4066 1250 4130 poet¹
1268 4062 1428 4132 (secuudum

304 4145 349 4201 vel
372 4145 479 4200 tertiam
501 4145 649 4201 editionem
672 4162 777 4200 summa
800 4162 885 4215 opera
906 4147 971 4202 data
988 4162 1083 4216 parare
1100 4164 1156 4204 uon
1173 4149 1274 4217 potul);
1299 4147 1429 4203 Saalfeldi

303 4235 421 4284 tensam.
432 4229 553 4299 italcgr.;
572 4230 722 4301 Georges⁷;
742 4232 865 4286 eiusdem
877 4233 942 4286 Lex.
955 4231 982 4286 d.
994 4232 1040 4287 lut
1053 4231 1253 4303 Wortformen;
1271 4231 1428 4288 Porcellini·

304 4314 347 4372 Dc
365 4315 426 4383 Vit3
444 4317 512 4372 thes.
530 4315 595 4388 linq.
613 4318 671 4374 Lat.
689 4320 709 4372 t.
722 4315 806 4371 I-lI.
